<?xml version="1.0" encoding="UTF-8"?><collection xmlns="http://www.loc.gov/MARC21/slim"><record><leader>00481nam--2200145-i-4500</leader><controlfield tag="001">000010421</controlfield><controlfield tag="002">20161230</controlfield><controlfield tag="005">20161230201028</controlfield><controlfield tag="008">060222s1000------------r-----000-0-eng-d</controlfield><datafield ind1=" " ind2=" " tag="080"><subfield code="a">621.757:697.245</subfield></datafield><datafield ind1=" " ind2=" " tag="245"><subfield code="a">Accesorii de montaj folosite in instalatii electrice si de automatizare. sinteza documen tara elaborata de mihai cozma</subfield></datafield><datafield ind1=" " ind2=" " tag="260"><subfield code="a">Bucuresti, Centr.De Doc.Pt.Constr., Arhit.Si Sist., 1971 42 P</subfield></datafield><datafield ind1=" " ind2=" " tag="490"><subfield code="a">Sinteza Documentara</subfield></datafield><datafield ind1=" " ind2=" " tag="700"><subfield code="a">Cozma, Mihai</subfield></datafield><datafield ind1=" " ind2=" " tag="852"><subfield code="a">37792</subfield></datafield></record></collection>